% Encoding: UTF-8


@Article{Baron1986:RNG,
  author  = {Baron, R. M. and Kenny, D. A.},
  title   = {The Moderator-Mediator Variable Distinction in Social Psychological Research: Conceptual, Strategic, and Statistical Considerations},
  journal = {Journal of Personality and Social Psychology},
  year    = {1986},
  volume  = {51},
  number = {6},
  pages   = {1173-1182},
}


@Book{liudong2012:StochProc,
  author    = {刘东 and 张震 and 汪默},
  title     = {被调节的中介和被中介的调节：理论构建与模型检验},
  year      = {2012},
  publisher = {北京大学出版社},
}


@Article{Lin2017:RNG,
  author  = {Lin, B. and Law, K. and Zhou, J.},
  title   = {Why is underemployment related to creativity and OCB? A task crafting explanation of the curvilinear moderated relations},
  journal = {Academy of Management Journal},
  year    = {2017},
  volume  = {60},
  number = {1},
  pages   = {156-177},
}


@Article{Hu2019:RNG,
  author  = {Hu, J. and Zhang, Z. and Jiang, K. and Chen, W.},
  title   = {Getting ahead, getting along, and getting prosocial: Examining extraversion facets, peer reactions, and leadership emergence},
  journal = {Journal of Applied Psychology},
  year    = {2019},
  volume  = {104},
  number = {11},
  pages   = {1369-1386},
}

@Article{Liu2020:RNG,
  author  = {Liu, x. and liao, H. and Derfler-Rozin, R. and Zheng, X. and Wee, E.X.M.},
  title   = {In line and out of the box: How ethical leaders help offset the negative effect of morality on creativity},
  journal = {Journal of Applied Psychology},
  year    = {2020},
}

@Book{law2014:StochProc,
  author    = {罗胜强 and 姜嬿},
  title     = {管理学问卷调查研究方法},
  year      = {2014},
  publisher = {重庆大学出版社},
}

@Article{xuyan2019:RNG,
  author  = {胥彦 and 李超平},
  title   = {领导风格与敬业度关系的元分析},
  journal = {心理科学进展},
  year    = {2019},
  volume  = {27},
  number = {8},
  pages   = {1363-1383},
}

@Article{zhangyi2009:RNG,
  author  = {张翼 and 樊耘 and 赵菁},
  title   = {国外管理学研究中的元分析评介},
  journal = {外国经济与管理},
  year    = {2009},
  volume  = {31},
  number = {7},
  pages   = {1-8},
}

@Article{Lebreton2008:RNG,
  author  = {Lebreton, J. M. and Tonidandel, S.},
  title   = {Multivariate relative importance: Extending relative weight analysis to multivariate criterion spaces},
  journal = {Journal of Applied Psychology},
  year    = {2008},
  volume  = {93},
  number = {2},
  pages   = {329-345},
}

}






